@inproceedings{lorensen1987,
 author = {Lorensen, William E. and Cline, Harvey E.},
 title = {Marching Cubes: A High Resolution {3D} Surface Construction Algorithm},
 booktitle = {SIGGRAPH},
 year = {1987},
 pages = {163--169},
} 

@article{shewchuk2002,
  author = {J. R. Shewchuk},
  title = {Delaunay Refinement Algorithms for Triangular Mesh Generation},
  journal = {Comp. Geom. Theor. App.},
  volume = {22},
  number = {1--3},
  pages = {21--74},
  year = {2002},
  month = may,
  }

@inproceedings{asente2013,
 author = {Asente, Paul and Carr, Nathan},
 title = {Creating Contour Gradients Using {3D} Bevels},
 booktitle = {Computational Aesthetics},
 year = {2013},
 pages = {63--66},
} 

@inproceedings{ando2010,
 author = {Ando, Ryoichi and Tsuruno, Reiji},
 title = {Vector Fluid: A Vector Graphics Depiction of Surface Flow},
 booktitle = {Non-Photorealistic Animation and Rendering},
 year = {2010},
 pages = {129--135},
} 

@inproceedings{diverdi2012,
 author = {DiVerdi, Stephen and Krishnaswamy, Aravind and M\v{e}ch, Radom\'ir and Ito, Daichi},
 title = {A Lightweight, Procedural, Vector Watercolor Painting Engine},
 booktitle = {Interactive 3D Graphics and Games},
 year = {2012},
 pages = {63--70},
} 

@article{diverdi2013,
 author = {DiVerdi, Stephen and Krishnaswamy, Aravind and M\v{e}ch, Radom\'ir and Ito, Daichi},
 title = {Painting with Polygons: A Procedural Watercolor Engine},
 journal = {IEEE Trans. Vis. Comp. Graph.},
 issue_date = {May 2013},
 volume = {19},
 number = {5},
 month = may,
 year = {2013},
 issn = {1077-2626},
 pages = {723--735},
 numpages = {13},
 url = {http://dx.doi.org/10.1109/TVCG.2012.295},
 doi = {10.1109/TVCG.2012.295},
 acmid = {2479152},
 publisher = {IEEE Educational Activities Department},
 address = {Piscataway, NJ, USA},
 keywords = {Painting,Paints,Vectors,Pigments,Brushes,Heuristic algorithms,Tablet computers,real time,Natural media,watercolor painting,vector graphics},
} 

@INPROCEEDINGS{lecot:ARD:2006,
   AUTHOR     = "Gregory Lecot and Bruno L\'{e}vy",
   TITLE      = "{ARDECO}: Automatic Region DEtection and Conversion",
   BOOKTITLE  = "Eurographics Symposium on Rendering",
   YEAR       = "2006",
}

@article{Lai:2009:ATG:1531326.1531391,
 author = {Lai, Yu-Kun and Hu, Shi-Min and Martin, Ralph R.},
 title = {Automatic and Topology-preserving Gradient Mesh Generation for Image Vectorization},
 journal = {ACM Trans. Graph.},
 issue_date = {August 2009},
 volume = {28},
 number = {3},
 month = jul,
 year = {2009},
 issn = {0730-0301},
 pages = {85:1--85:8},
 articleno = {85},
 numpages = {8},
 url = {http://doi.acm.org/10.1145/1531326.1531391},
 doi = {10.1145/1531326.1531391},
 acmid = {1531391},
 publisher = {ACM},
 address = {New York, NY, USA},
 keywords = {gradient mesh, image manifold, image vectorization, parameterization},
} 


@article{10.1109/TVCG.2012.76,
author = { Zicheng Liao and H. Hoppe and D. Forsyth and  Yizhou Yu},
title = {A Subdivision-Based Representation for Vector Image Editing},
journal ={IEEE Trans. Vis. Comp. Graph.},
volume = {18},
number = {11},
issn = {1077-2626},
year = {2012},
pages = {1858-1867},
doi = {http://doi.ieeecomputersociety.org/10.1109/TVCG.2012.76},
publisher = {IEEE Computer Society},
address = {Los Alamitos, CA, USA},
}


@inproceedings{Frisken:2000:ASD:344779.344899,
 author = {Frisken, Sarah F. and Perry, Ronald N. and Rockwood, Alyn P. and Jones, Thouis R.},
 title = {Adaptively Sampled Distance Fields: A General Representation of Shape for Computer Graphics},
 booktitle = {SIGGRAPH},
 year = {2000},
 pages = {249--254},
} 


@techreport{Bremer:2001:VCM,
title = "Virtual Clay Modeling Using Adaptive Distance Fields",
number = "CSE-2001-7",
author  = "Peer Timo Bremer AND Serban D. Porumbescu AND Falko Kuester AND Ken Joy AND Bernd Hamann ",
institution = "University of California, Davis",
year  = "2001",
}

@article{Orzan:2008:DCV:1360612.1360691,
 author = {Orzan, Alexandrina and Bousseau, Adrien and Winnem\"{o}ller, Holger and Barla, Pascal and Thollot, Jo\"{e}lle and Salesin, David},
 title = {Diffusion Curves: A Vector Representation for Smooth-shaded Images},
 journal = {ACM Trans. Graph.},
 issue_date = {August 2008},
 volume = {27},
 number = {3},
 month = aug,
 year = {2008},
 issn = {0730-0301},
 pages = {92:1--92:8},
 articleno = {92},
 numpages = {8},
 url = {http://doi.acm.org/10.1145/1360612.1360691},
 doi = {10.1145/1360612.1360691},
 acmid = {1360691},
 publisher = {ACM},
 address = {New York, NY, USA},
 keywords = {color diffusion, gradient mesh, image creation, image reconstruction, vector graphics, vectorization},
} 

@article{McCann:2008:RGP:1360612.1360692,
 author = {McCann, James and Pollard, Nancy S.},
 title = {Real-time Gradient-domain Painting},
 journal = {ACM Trans. Graph.},
 issue_date = {August 2008},
 volume = {27},
 number = {3},
 month = aug,
 year = {2008},
 issn = {0730-0301},
 pages = {93:1--93:7},
 articleno = {93},
 numpages = {7},
 url = {http://doi.acm.org/10.1145/1360612.1360692},
 doi = {10.1145/1360612.1360692},
 acmid = {1360692},
 publisher = {ACM},
 address = {New York, NY, USA},
 keywords = {gradient, interactive, multigrid, painting, real-time},
}

@inproceedings{Berman:1994:MPC:192161.192181,
 author = {Berman, Deborah F. and Bartell, Jason T. and Salesin, David H.},
 title = {Multiresolution Painting and Compositing},
 booktitle = {SIGGRAPH},
 year = {1994},
 pages = {85--90},
} 

@inproceedings{Carr:2004:PD:1186562.1015809,
 author = {Carr, Nathan A. and Hart, John C.},
 title = {Painting Detail},
 booktitle = {SIGGRAPH},
 year = {2004},
 pages = {845--852},
} 

@inproceedings{Perlin:1995:LPP:218380.218437,
 author = {Perlin, Ken and Velho, Luiz},
 title = {Live Paint: Painting with Procedural Multiscale Textures},
 booktitle = {SIGGRAPH},
 year = {1995},
 pages = {153--160},
} 

@article{DeCarlo:2002:SAP:566654.566650,
 author = {DeCarlo, Doug and Santella, Anthony},
 title = {Stylization and Abstraction of Photographs},
 journal = {ACM Trans. Graph.},
 issue_date = {July 2002},
 volume = {21},
 number = {3},
 month = jul,
 year = {2002},
 issn = {0730-0301},
 pages = {769--776},
 }

@inproceedings{ramanarayanan2004feature,
author = {G. Ramanarayanan and K. Bala and B. Walter},
title = {Feature-Based Textures },
pages = {265--274},
booktitle = {Eurographics Symposium on Rendering},
year = {2004},
}

@inproceedings{Bederson:1994:PZG:192426.192435,
 author = {Bederson, Benjamin B. and Hollan, James D.},
 title = {Pad++: A Zooming Graphical Interface for Exploring Alternate Interface Physics},
 booktitle = {User Interface Software and Technology},
 year = {1994},
 pages = {17--26},
} 

@article{Nehab:2008:RRG:1409060.1409088,
 author = {Nehab, Diego and Hoppe, Hugues},
 title = {Random-access Rendering of General Vector Graphics},
 journal = {ACM Trans. Graph.},
 issue_date = {December 2008},
 volume = {27},
 number = {5},
 month = dec,
 year = {2008},
 issn = {0730-0301},
 pages = {135:1--135:10},
 articleno = {135},
 numpages = {10},
 url = {http://doi.acm.org/10.1145/1409060.1409088},
 doi = {10.1145/1409060.1409088},
 acmid = {1409088},
 publisher = {ACM},
 address = {New York, NY, USA},
} 